<record><leader>00000cas a2200000 a 4500</leader><controlfield tag="001">10042455</controlfield><controlfield tag="008">831021d19831987vtumr n       0   a0eng d</controlfield><datafield ind1=" " ind2=" " tag="010"><subfield code="a">sn 83002907 </subfield></datafield><datafield ind1=" " ind2=" " tag="040"><subfield code="a">NSD</subfield><subfield code="b">eng</subfield><subfield code="c">NSD</subfield><subfield code="d">NVN</subfield><subfield code="d">OCLCQ</subfield><subfield code="d">OCLCF</subfield><subfield code="d">OCLCO</subfield></datafield><datafield ind1=" " ind2=" " tag="012"><subfield code="j">0</subfield><subfield code="l">1</subfield><subfield code="m">d</subfield></datafield><datafield ind1="0" ind2=" " tag="022"><subfield code="a">0746-4436</subfield><subfield code="l">0746-4436</subfield><subfield code="y">0192-8155</subfield><subfield code="2">1</subfield></datafield><datafield ind1="1" ind2=" " tag="029"><subfield code="a">AU@</subfield><subfield code="b">000020408267</subfield></datafield><datafield ind1=" " ind2=" " tag="037"><subfield code="b">Manning Publications, Inc., On The Square, Bellows Falls, VT, 05101</subfield></datafield><datafield ind1=" " ind2=" " tag="042"><subfield code="a">nsdp</subfield></datafield><datafield ind1=" " ind2=" " tag="043"><subfield code="a">n-us-vt</subfield></datafield><datafield ind1="1" ind2="0" tag="082"><subfield code="a">330</subfield><subfield code="2">11</subfield></datafield><datafield ind1="0" ind2=" " tag="130"><subfield code="a">Vermont business (Bellows Falls, Vt.)</subfield></datafield><datafield ind1="0" ind2=" " tag="210"><subfield code="a">Vt. bus.</subfield></datafield><datafield ind1=" " ind2="0" tag="222"><subfield code="a">Vermont business</subfield></datafield><datafield ind1="1" ind2="0" tag="245"><subfield code="a">Vermont business.</subfield></datafield><datafield ind1="1" ind2="7" tag="246"><subfield code="a">Vt. business</subfield></datafield><datafield ind1="1" ind2="3" tag="246"><subfield code="a">Vermont business news magazine</subfield></datafield><datafield ind1=" " ind2=" " tag="260"><subfield code="a">Bellows Falls, Vt. :</subfield><subfield code="b">Manning Publications</subfield></datafield><datafield ind1=" " ind2=" " tag="300"><subfield code="a">v.</subfield></datafield><datafield ind1=" " ind2=" " tag="310"><subfield code="a">Monthly</subfield></datafield><datafield ind1="0" ind2=" " tag="362"><subfield code="a">Aug. 1983-</subfield></datafield><datafield ind1="1" ind2=" " tag="362"><subfield code="a">Ceased Mar. 1987.</subfield></datafield><datafield ind1=" " ind2=" " tag="500"><subfield code="a">Published in Brattleboro, Vt., Sept. 1985-Mar. 1987.</subfield></datafield><datafield ind1=" " ind2=" " tag="500"><subfield code="a">Title from caption.</subfield></datafield><datafield ind1=" " ind2="0" tag="650"><subfield code="a">Business</subfield><subfield code="v">Newspapers.</subfield></datafield><datafield ind1=" " ind2="0" tag="650"><subfield code="a">Finance</subfield><subfield code="z">Vermont</subfield><subfield code="v">Newspapers.</subfield></datafield><datafield ind1=" " ind2="0" tag="651"><subfield code="a">Vermont</subfield><subfield code="v">Newspapers.</subfield></datafield><datafield ind1=" " ind2="7" tag="655"><subfield code="a">Newspapers.</subfield><subfield code="2">fast</subfield><subfield code="0">(OCoLC)fst01423814</subfield></datafield><datafield ind1=" " ind2="7" tag="650"><subfield code="a">Business.</subfield><subfield code="2">fast</subfield><subfield code="0">(OCoLC)fst00842262</subfield></datafield><datafield ind1=" " ind2="7" tag="650"><subfield code="a">Finance.</subfield><subfield code="2">fast</subfield><subfield code="0">(OCoLC)fst00924349</subfield></datafield><datafield ind1=" " ind2="7" tag="651"><subfield code="a">Vermont.</subfield><subfield code="2">fast</subfield><subfield code="0">(OCoLC)fst01204305</subfield></datafield><datafield ind1=" " ind2=" " tag="752"><subfield code="a">United States</subfield><subfield code="b">Vermont</subfield><subfield code="c">Windham</subfield><subfield code="d">Bellows Falls.</subfield></datafield><datafield ind1=" " ind2=" " tag="752"><subfield code="a">United States</subfield><subfield code="b">Vermont</subfield><subfield code="c">Windham</subfield><subfield code="d">Brattleboro.</subfield></datafield><datafield ind1="0" ind2="0" tag="780"><subfield code="t">Vermont business world</subfield><subfield code="w">(DLC)sn 79003145</subfield><subfield code="w">(OCoLC)5093977</subfield></datafield><datafield ind1="0" ind2="0" tag="785"><subfield code="t">Vermont business magazine</subfield><subfield code="w">(DLC)sn 88008875</subfield><subfield code="w">(OCoLC)17625180</subfield></datafield><datafield ind1=" " ind2=" " tag="936"><subfield code="a">9/83</subfield></datafield></record>